<?xml version="1.0" encoding="UTF-8"?><collection xmlns="http://www.loc.gov/MARC21/slim"><record><leader>00557nam--2200181-i-4500</leader><controlfield tag="001">000005525</controlfield><controlfield tag="002">20161230</controlfield><controlfield tag="005">20161230201026</controlfield><controlfield tag="008">060222s1000------------r-----000-0-eng-d</controlfield><datafield ind1=" " ind2=" " tag="040"><subfield code="a">IFIN-HH</subfield></datafield><datafield ind1=" " ind2=" " tag="080"><subfield code="a">53</subfield></datafield><datafield ind1="1" ind2=" " tag="100"><subfield code="a">Mathieu, J.P</subfield></datafield><datafield ind1="1" ind2="0" tag="245"><subfield code="a">Tables de constantes et donnees numeriques. vol. 10. constantes selectionnees. pouvoir rotatoire naturel. iii. amino-acides</subfield><subfield code="c">J.p. mathieu, p. desnuelle, j. roche</subfield></datafield><datafield ind1=" " ind2=" " tag="260"><subfield code="a">Londra</subfield><subfield code="b">Pergamon Press</subfield><subfield code="c">1959</subfield></datafield><datafield ind1=" " ind2=" " tag="300"><subfield code="a">61P</subfield></datafield><datafield ind1="1" ind2=" " tag="700"><subfield code="a">Roche, J</subfield></datafield><datafield ind1=" " ind2=" " tag="852"><subfield code="a">10934</subfield><subfield code="c">53.081</subfield></datafield><datafield ind1=" " ind2=" " tag="CAT"><subfield code="a">Sys</subfield><subfield code="c">20151110</subfield><subfield code="h">104921</subfield></datafield></record></collection>